@article {dice1945measures,
author = {Dice, Lee R.},
title = {Measures of the Amount of Ecologic Association Between Species},
journal = {Ecology},
volume = {26},
number = {3},
publisher = {Ecological Society of America},
issn = {1939-9170},
url = {http://dx.doi.org/10.2307/1932409},
doi = {10.2307/1932409},
pages = {297--302},
year = {1945},
}

