@inproceedings{frangi1998multiscale,
  title={Multiscale vessel enhancement filtering},
  author={Frangi, Alejandro F and Niessen, Wiro J and Vincken, Koen L and Viergever, Max A},
  booktitle={International Conference on Medical Image Computing and Computer-Assisted Intervention},
  pages={130--137},
  year={1998},
  organization={Springer}
}
