@article {test,
author = {Quix, Christoph},
title = {Data Lake},
journal = {Ecology},
volume = {26},
number = {3},
publisher = {XYZ},
issn = {1939-9170},
url = {http://dx.doi.org/10.2307/1932409},
doi = {10.2307/1932409},
pages = {297--302},
year = {1945},
}

